@online{openai,
  author   = {OpenAI},
  title    = {OpenAI Baselines: DQN},
  url      = {https://openai.com/blog/openai-baselines-dqn/},
  year     = {2020},
  month    = {Sep},
  addendum = {[Accessed: Mar. 3, 2021]}
}

@online{breakout,
  author   = {OpenAI},
  title    = {Gym},
  url      = {https://gym.openai.com/envs/Breakout-ram-v0/},
  year     = {2019},
  month    = {Oct},
  addendum = {[Accessed: Mar. 3, 2021]}
}
