@online{openai,
  author   = {OpenAI},
  title    = {OpenAI Baselines: DQN},
  url      = {https://openai.com/blog/openai-baselines-dqn/},
  year     = {2020},
  month    = {Sep},
  addendum = {[Accessed: Mar. 3, 2021]}
}

@online{breakout,
  author   = {OpenAI},
  title    = {Gym},
  url      = {https://gym.openai.com/envs/Breakout-ram-v0/},
  year     = {2019},
  month    = {Oct},
  addendum = {[Accessed: Mar. 3, 2021]}
}

@online{breakout_image,
  author   = {OpenAI},
  title    = {Gym},
  url      = {https://gym.openai.com/envs/Breakout-v0/},
  year     = {2019},
  month    = {Oct},
  addendum = {[Accessed: Mar. 3, 2021]}
}

@misc{badia2020agent57,
  title         = {Agent57: Outperforming the Atari Human Benchmark},
  author        = {Adrià Puigdomènech Badia and Bilal Piot and Steven Kapturowski and Pablo Sprechmann and Alex Vitvitskyi and Daniel Guo and Charles Blundell},
  year          = {2020},
  eprint        = {2003.13350},
  archiveprefix = {arXiv},
  primaryclass  = {cs.LG}
}

@misc{keyboard_agent,
  title   = {openai/gym},
  url     = {https://github.com/openai/gym/blob/master/examples/agents/keyboard_agent.py},
  journal = {GitHub},
  author  = {Openai},
  year    = {2020},
  month   = {Apr}
}